@article{Article_01,
	author	=	"FirstName LastName",
	title =		"Title of The Article",
	journal = 	"Journal of Natural Language Processing",
	pages =		"251--258",
	volume =	13,
	number =	1,
	year = 		2006,
}

@book{Book_02,
	author =	"FirstNameA LastNameA and FirstNameB LastNameB and FirstNameC LastNameC and FirstNameD LastNameD",
	title =		"Title of The Book",
	publisher =	"The Association for Natural Language Processing",
	year = 		1988,
}

@inproceedings{Inproc_03,
	author =	"著者氏名1 and 著者氏名2 and 著者氏名3",
	title =		"論文タイトル", 
	booktitle =	"プロシーディングスの名前",
	year =		1986,
}

@techreport{Techrep_05,
	author =	"著者氏名1 and 著者氏名2 and 著者氏名3 and 著者氏名4",
	title =		"技報タイトル",
	institution =	"出版者",
	year =		1985,
}

@misc{Web_06,
	author =	"著者氏名",
	title =		"ホームページタイトル",
	note =	    "\url{http://www.pluto.ai.kyutech.ac.jp/NLP/}",
	year = 		"2017",
}

@misc{JLREQ,
    title =     "{W3C日本語組版タスクフォース．日本語組版の要件（日本語版）}",
    note =      "\url{https://www.w3.org/TR/jlreq/}",
    year =      "（2020-11閲覧）",
}

